% This file was created with JabRef 2.10b2.
% Encoding: UTF-8


@Manual{wcag2019,
  Title                    = {W3C Web Content Accessibility Guidelines (WCAG) 2.1},
  Author                   = {W3C},
  Organization             = {W3C},
  Year                     = {2019},

  Bdsk-url-1               = {https://www.w3.org/WAI/standards-guidelines/mobile/},
  Pages                    = {},
  Subtitle                 = {Mobile Accessibility at W3C},
  Timestamp                = {},
  Url                      = {https://www.w3.org/WAI/standards-guidelines/mobile/},
  Urlaccessdate            = {12 de Abril de 2020}
}
@Manual{emag2014,
  Title                    = {Modelo de acessibilidade em governo eletrônico},
  Author                   = {EMAG},
  Organization             = {EMAG},
  Year                     = {2014},

  Bdsk-url-1               = {https://emag.governoeletronico.gov.br},
  Pages                    = {},
  Subtitle                 = {Mobile Accessibility at W3C},
  Timestamp                = {},
  Url                      = {https://emag.governoeletronico.gov.br},
  Urlaccessdate            = {08 de Maio de 2020}
}
@Manual{wai2017,
  Title                    = {W3C Web Accessibility Iniciative (WAI)},
  Author                   = {W3C},
  Organization             = {W3C},
  Year                     = {2017},

  Bdsk-url-1               = {https://www.w3.org/WAI/fundamentals/},
  Pages                    = {},
  Subtitle                 = {Accessibility Fundamentals},
  Timestamp                = {},
  Url                      = {https://www.w3.org/WAI/fundamentals/},
  Urlaccessdate            = {10 de Julho de 2020}
}

@Manual{hig2020,
  Title                    = {Human Interfaces Guidelines},
  Author                   = {Apple},
  Organization             = {Apple},
  Year                     = {2020},

  Bdsk-url-1               = {https://developer.apple.com/design/human-interface-guidelines/accessibility/overview/introduction/},
  Pages                    = {},
  Subtitle                 = {Accessibility},
  Timestamp                = {},
  Url                      = {https://developer.apple.com/design/human-interface-guidelines/accessibility},
  Urlaccessdate            = {08 Maio de 2020}
}

@article{WIE3079,
	author = {Gabriella M. T. Alves, Yuska Paola Costa Aguiar},
	title = {Acessibilidade e Tecnologia Assistiva no Ambiente Educacional: Mapeamento Sistemático},
	journal = {Anais do Workshop de Informática na Escola},
	volume = {20},
	number = {1},
	year = {2014},
	keywords = {},
	pages = {16},
	url = {https://br-ie.org/pub/index.php/wie/article/view/3079}
}

@Misc{congresso2002,
  Title                    = {As novas tecnologias como tecnologia assistiva},
  Subtitle                 = {Utilizando os recursos de accessibilidade na educação especial},
  Author                   = {CIEE},
  Year                     = {2002},
  journal = {III CONGRESSO IBERO-AMERICANO DE INFORMÁTICA NA EDUCAÇÃO ESPECIAL},
  Pages                    = {1-3},
  Timestamp                = {},
  Url                      = {http://atividadeparaeducacaoespecial.com/wp-content/uploads/2014/07/TECNOLOGIA-ASSISTIVA-E-EDUCAÇÃO-ESPECIAL.pdf},
  Urlaccessdate            = {02 de junho de 2020}
  
}

@Manual{oxford2020,
  Title                    = {Accessibility},
  Author                   = {Oxford Advanced Learner's Dictionary},
  Year                     = {2020},
  Subtitle                 = {},
  
  Bdsk-url-1               = {https://www.oxfordlearnersdictionaries.com/us/definition/english/accessibility?},
  Pages                    = {2},
  Timestamp                = {},
  Url                      = {https://www.oxfordlearnersdictionaries.com/us/definition/english/accessibility?},
  Urlaccessdate            = {20 de Julho de 2020}
}

@Manual{decreto2009,
  Title                    = {Convenção sobre os direitos das pessoas com deficiência},
  Author                   = {Presidência da República},
  Year                     = {2009},
  Subtitle                 = {},
  
  Bdsk-url-1               = {http://www.planalto.gov.br/ccivil_03/_ato2007-2010/2009/decreto/d6949.htm},
  Pages                    = {},
  Timestamp                = {},
  Url                      = {http://www.planalto.gov.br/ccivil_03/_ato2007-2010/2009/decreto/d6949.htm},
  Urlaccessdate            = {20 de Julho de 2020}
}

@Manual{lei2015,
  Title                    = {Estatuto da pessoa com deficiência},
  Author                   = {Lei13.146},
  Year                     = {2015},
  Subtitle                 = {},
  
  Bdsk-url-1               = {hhttp://www.planalto.gov.br/ccivil_03/_ato2015-2018/2015/lei/l13146.htm},
  Pages                    = {},
  Timestamp                = {},
  Url                      = {http://www.planalto.gov.br/ccivil_03/_ato2015-2018/2015/lei/l13146.htm},
  Urlaccessdate            = {20 de Julho de 2020}
}


@Misc{ibge2020,
  Title                    = {Censo Demográfico 2020},
  Subtitle                 = {Números do Censo},
  Author                   = {IBGE},
  Year                     = {2020},
  journal = {},
  Pages                    = {},
  Timestamp                = {},
  Url                      = {https://censo2020.ibge.gov.br/sobre/numeros-do-censo.html},
  Urlaccessdate            = {31 de julho de 2020}
}

@Misc{seesp2003,
  Title                    = {Saberes e práticas da inclusão},
  Subtitle                 = {Estratégias para educação de alunos com necessidades educacionais especiais},
  Author                   = {SEESP},
  Year                     = {2003},
  Pages                    = {25-28},
  Timestamp                = {},
  Url                      = {http://www.dominiopublico.gov.br/download/texto/me000428.pdf},
  Urlaccessdate            = {21 de Julho de 2020}
}

@Misc{IBGEeduca,
  Title                    = {Conheça o Brasil - População},
  Subtitle                 = {Pessoas com Deficiência},
  Author                   = {IBGEeduca},
  Year                     = {2020},
  journal = {},
  Pages                    = {},
  Timestamp                = {},
  Url                      = {https://educa.ibge.gov.br/jovens/conheca-o-brasil/populacao/20551-pessoas-com-deficiencia.html},
  Urlaccessdate            = {31 de julho de 2020}
}

@Misc{design1997,
  Title                    = {The center for universal design},
  Subtitle                 = {THE PRINCIPLES OF UNIVERSAL DESIGN},
  Author                   = {NCSU},
  Year                     = {1997},
  Pages                    = {},
  Timestamp                = {},
  Url                      = {https://projects.ncsu.edu/ncsu/design/cud/pubs_p/docs/poster.pdf},
  Urlaccessdate            = {07 de Agosto de 2020}
}

@Misc{relatorio2020,
  Title                    = {O IFCE campus de Maracanaú no contexto da pandemia
de COVID-19},
  Subtitle                 = {Diagnóstico das condições sociais, pedagógicas, de saúde e de acesso à internet dos discentes.},
  Author                   = {IFCE},
  Year                     = {2020},
  Pages                    = {24, 38},
  Timestamp                = {},
  Url                      = {https://qacademico.ifce.edu.br},
  Urlaccessdate            = {07 de Agosto de 2020}
}

@Misc{simposio2014,
  Title                    = {XIII Simpósio Brasileiro sobre Fatores Humanos em Sistemas Computacionais},
  Subtitle                 = {Acessibilidade e Inclusão Digital},
  Author                   = {Amanda Meincke Melo},
  Year                     = {2014},
  journal = {},
  Pages                    = {29-51},
  Timestamp                = {},
  Url                      = {https://d1wqtxts1xzle7.cloudfront.net/53281282/Marcos_Martins_IHC_14_Restaurante_Interativo.pdf?1495760547=&response-content-disposition=inline%3B+filename%3DPrototipagem_da_experie_ncia_uma_nova_at.pdf&Expires=1596843096&Signature=ZOK7yEqoFuCiZ8I5zpfhk5kJRpmpcbkShR1SgJMr5yQFKE76U2Sn0yQjDw~SSLDCC4ja~xtCqCZzxxCC1bJOhkLxGVwE0bMtqvIfEWcjrlTWNvY82IoCwlsBXScvDVL7~lSUV9R3~811UCAtmEuWL5gvpX2cgOtwP2K6uqGrFuDrqUiZQDdDgj~vLfVODhOUrtOXhAGW73g3zJbrTbK9IIpq1Bt2H4LE~IuHIkm2URCRh29tDss9Qv-1PKX0cxQv3WC5~3Qb5T89CjkpWpfA8wY7k0Ngni5D7vheLi11D~5fhtXeF108hVjyBug8D9q-BvDL7iAySIyCqDMPp5jHUg__&Key-Pair-Id=APKAJLOHF5GGSLRBV4ZA#page=33},
  Urlaccessdate            = {20 de julho de 2020}
}